@book{quarteroni2010numerical,
  title={Numerical mathematics},
  author={Quarteroni, Alfio and Sacco, Riccardo and Saleri, Fausto},
  volume={37},
  year={2010},
  publisher={Springer Science \& Business Media}
}

@book{niederreiter1992random,
  title={Random number generation and quasi-Monte Carlo methods},
  author={Niederreiter, Harald},
  year={1992},
  publisher={SIAM}
}

@article{wynn1966convergence,
  title={On the convergence and stability of the epsilon algorithm},
  author={Wynn, Peter},
  journal={SIAM Journal on Numerical Analysis},
  volume={3},
  number={1},
  pages={91--122},
  year={1966},
  publisher={SIAM}
}

@article{wynn1956device,
  title={On a device for computing the e m (S n) transformation},
  author={Wynn, Peter},
  journal={Mathematical Tables and Other Aids to Computation},
  pages={91--96},
  year={1956},
  publisher={JSTOR}
}

@article{aitken1927xxv,
  title={Xxv.â€”on bernoulli's numerical solution of algebraic equations},
  author={Aitken, Alexander Craig},
  journal={Proceedings of the Royal Society of Edinburgh},
  volume={46},
  pages={289--305},
  year={1927},
  publisher={Royal Society of Edinburgh Scotland Foundation}
}

@article{schmidt1941xxxii,
  title={Xxxii. on the numerical solution of linear simultaneous equations by an iterative method},
  author={Schmidt, Robert J},
  journal={The London, Edinburgh, and Dublin Philosophical Magazine and Journal of Science},
  volume={32},
  number={214},
  pages={369--383},
  year={1941},
  publisher={Taylor \& Francis}
}

@article{shanks1955non,
  title={Non-linear transformations of divergent and slowly convergent sequences},
  author={Shanks, Daniel},
  journal={Journal of Mathematics and Physics},
  volume={34},
  number={1-4},
  pages={1--42},
  year={1955},
  publisher={Wiley Online Library}
}

@book{brezinski2013extrapolation,
  title={Extrapolation methods: theory and practice},
  author={Brezinski, Claude and Zaglia, M Redivo},
  year={2013},
  publisher={Elsevier}
}