@book{trefethen2019approximation,
  title={Approximation Theory and Approximation Practice, Extended Edition},
  author={Trefethen, Lloyd N},
  year={2019},
  publisher={SIAM}
}

@book{cheney2009course,
  title={A course in approximation theory},
  author={Cheney, Elliott Ward and Light, William Allan},
  volume={101},
  year={2009},
  publisher={American Mathematical Soc.}
}

@book{muskhelishvili2008singular,
  title={Singular integral equations: boundary problems of function theory and their application to mathematical physics},
  author={Muskhelishvili, Nikola{\u\i} Ivanovich and Radok, Jens Rainer Maria},
  year={2008},
  publisher={Courier Corporation}
}

@article{elliott1974asymptotic,
  title={Asymptotic estimates of Fourier coefficients},
  author={Elliott, David and Tuan, PD},
  journal={SIAM Journal on Mathematical Analysis},
  volume={5},
  number={1},
  pages={1--10},
  year={1974},
  publisher={SIAM}
}

@article{krasikov2005maximum,
  title={On the maximum value of Jacobi polynomials},
  author={Krasikov, Ilia},
  journal={Journal of Approximation Theory},
  volume={136},
  number={1},
  pages={1--20},
  year={2005},
  publisher={Elsevier}
}

@article{nevai1994generalized,
  title={Generalized Jacobi weights, Christoffel functions, and Jacobi polynomials},
  author={Nevai, Paul and Erd{\'e}lyi, Tam{\'a}s and Magnus, Alphonse P},
  journal={SIAM Journal on Mathematical Analysis},
  volume={25},
  number={2},
  pages={602--614},
  year={1994},
  publisher={SIAM}
}

@book{szeg1939orthogonal,
  title={Orthogonal polynomials},
  author={Szeg, Gabor},
  volume={23},
  year={1939},
  publisher={American Mathematical Soc.}
}
