@article{dowell1972pegasus,
  title={The “Pegasus” method for computing the root of an equation},
  author={Dowell, M and Jarratt, P},
  journal={BIT Numerical Mathematics},
  volume={12},
  pages={503--508},
  year={1972},
  publisher={Springer}
}

@article{king1973improved,
  title={An improved Pegasus method for root finding},
  author={King, Richard F},
  journal={BIT Numerical Mathematics},
  volume={13},
  pages={423--427},
  year={1973},
  publisher={Springer}
}

@article{anderson1973new,
  title={A new high order method of regula falsi type for computing a root of an equation},
  author={Anderson, Ned and Bj{\"o}rck, {\AA}ke},
  journal={BIT Numerical Mathematics},
  volume={13},
  number={3},
  pages={253--264},
  year={1973},
  publisher={Springer}
}
