@article{jackson1913accuracy,
  title     = {On the accuracy of trigonometric interpolation},
  author    = {Jackson, Dunham},
  journal   = {Transactions of the American Mathematical Society},
  volume    = {14},
  number    = {4},
  pages     = {453--461},
  year      = {1913},
  publisher = {JSTOR}
}

@article{jackson1912approximation,
  title     = {On approximation by trigonometric sums and polynomials},
  author    = {Jackson, Dunham},
  journal   = {Transactions of the American Mathematical society},
  volume    = {13},
  number    = {4},
  pages     = {491--515},
  year      = {1912},
  publisher = {JSTOR}
}

@article{erdHos1964problems,
  title     = {Problems and results on the theory of interpolation. II},
  author    = {Erd{\H{o}}s, P},
  journal   = {Acta Mathematica Academiae Scientiarum Hungarica},
  volume    = {12},
  number    = {1-2},
  pages     = {235--244},
  year      = {1964},
  publisher = {Springer}
}

@article{erdos1958problems,
  title     = {Problems and results on the theory of interpolation. I},
  author    = {Erd{\"o}s, P},
  journal   = {Acta Mathematica Academiae Scientiarum Hungarica},
  volume    = {9},
  number    = {3-4},
  pages     = {381--388},
  year      = {1958},
  publisher = {Springer}
}

@book{de1978practical,
  title={A practical guide to splines},
  author={De Boor, Carl},
  volume={27},
  year={1978},
  publisher={springer-verlag New York}
}

@book{prenter2008splines,
  title={Splines and variational methods},
  author={Prenter, Paddy M and others},
  year={2008},
  publisher={Courier Corporation}
}
