@article{gragg1965extrapolation,
  title={On extrapolation algorithms for ordinary initial value problems},
  author={Gragg, William B},
  journal={Journal of the Society for Industrial and Applied Mathematics, Series B: Numerical Analysis},
  volume={2},
  number={3},
  pages={384--403},
  year={1965},
  publisher={SIAM}
}

@article{widlund1967note,
  title     = {A note on unconditionally stable linear multistep methods},
  author    = {Widlund, Olof B},
  journal   = {BIT Numerical Mathematics},
  volume    = {7},
  number    = {1},
  pages     = {65--70},
  year      = {1967},
  publisher = {Springer}
}