@book{karlin1970total,
  title={Total Positivity},
  author={Samuel Karlin},
  volume={1},
  year={1968},
  publisher={Stanford University Press}
}